@article{Bowers:2011ua,
author = {Bowers, Jake},
title = {{Six Steps to a Better Relationship with Your Future Self}},
journal = {The Political Methodologist},
year = {2011},
volume = {18},
number = {2},
pages = {2--8}
}

@book{Leek:2015uw,
author = {Leek, Jeff},
title = {{The Elements of Data Analytic Style}},
publisher = {Leanpub},
year = {2015},
month = mar
}

@article{Lorenzo:2006ic,
author = {Lorenzo, Mercedes and Crouch, Catherine H and Mazur, Eric},
title = {{Reducing the gender gap in the physics classroom}},
journal = {American Journal of Physics},
year = {2006},
volume = {74},
number = {2},
pages = {118--122},
month = feb
}

@article{Wickham:2014vp,
author = {Wickham, Hadley},
title = {{Tidy Data}},
journal = {Journal of Statistical Software},
year = {2014},
volume = {59},
number = {10}
}

@article{Wilson:2014ck,
author = {Wilson, Greg and Aruliah, D A and Brown, C Titus and Hong, Neil P Chue and Davis, Matt and Guy, Richard T and Haddock, Steven H D and Huff, Kathryn D and Mitchell, Ian M and Plumbley, Mark D and Ben Waugh and White, Ethan P and Wilson, Paul},
title = {{Best Practices for Scientific Computing}},
journal = {PLOS Biology},
year = {2014},
volume = {12},
number = {1},
pages = {e1001745},
month = jan
}

@article{braumoeller2004hypothesis,
  title={Hypothesis testing and multiplicative interaction terms},
  author={Braumoeller, Bear F},
  journal={International organization},
  volume={58},
  number={04},
  pages={807--820},
  year={2004},
  publisher={Cambridge University Press}
}

@article{burbidge1988alternative,
  title={Alternative transformations to handle extreme values of the dependent variable},
  author={Burbidge, John B and Magee, Lonnie and Robb, A Leslie},
  journal={Journal of the American Statistical Association},
  volume={83},
  number={401},
  pages={123--127},
  year={1988},
  publisher={Taylor \& Francis}
}

@article{clarke2005phantom,
  title={The phantom menace: Omitted variable bias in econometric research},
  author={Clarke, Kevin A},
  journal={Conflict Management and Peace Science},
  volume={22},
  number={4},
  pages={341--352},
  year={2005}
}

